<?xml version="1.0" encoding="UTF-8"?><collection xmlns="http://www.loc.gov/MARC21/slim"><record><leader>00638nam--2200169-i-4500</leader><controlfield tag="001">000018605</controlfield><controlfield tag="002">20161230</controlfield><controlfield tag="005">20161230201032</controlfield><controlfield tag="008">060222s1000------------r-----000-0-eng-d</controlfield><datafield ind1=" " ind2=" " tag="040"><subfield code="a">IFIN-HH</subfield></datafield><datafield ind1=" " ind2=" " tag="080"><subfield code="a">535.331(083)</subfield></datafield><datafield ind1="1" ind2=" " tag="100"><subfield code="a">Falta, Wolfgang</subfield></datafield><datafield ind1="1" ind2="0" tag="245"><subfield code="a">Q 24-eisenspektrum von 4555 a bis 2227 a im bogen und funken.mit eigezeichneten analysenlinien von 62 elementen und zugehorigen wellenlangen-tabellen</subfield><subfield code="c">Wolfgang falta, heinrich scheller, kurt voigtsberger</subfield></datafield><datafield ind1=" " ind2=" " tag="260"><subfield code="a">Leipzig</subfield><subfield code="b">Akademische Verlagsgesellschaft Geest &amp; Portig K.-g</subfield><subfield code="c">1959</subfield></datafield><datafield ind1=" " ind2=" " tag="300"><subfield code="a">72 P.+ 14 PLANSE</subfield></datafield><datafield ind1=" " ind2=" " tag="852"><subfield code="a">19067</subfield><subfield code="c">53.081</subfield></datafield><datafield ind1=" " ind2=" " tag="CAT"><subfield code="a">Sys</subfield><subfield code="c">20160325</subfield><subfield code="h">112442</subfield></datafield></record></collection>